<?xml version="1.0" encoding="UTF-8"?><collection><record><leader>07316ntm a2200565 a 4500</leader><controlfield tag="001">006492427</controlfield><controlfield tag="003">MiAaHDL</controlfield><controlfield tag="005">20190719000000.0</controlfield><controlfield tag="006">m        d        </controlfield><controlfield tag="007">cr bn ---auaua</controlfield><controlfield tag="008">090428s1798    tu            00| ||ara d</controlfield><datafield tag="035" ind1=" " ind2=" "><subfield code="a">(MiU)006492427</subfield></datafield><datafield tag="035" ind1=" " ind2=" "><subfield code="a">sdr-miu006492427</subfield></datafield><datafield tag="040" ind1=" " ind2=" "><subfield code="a">MiU</subfield><subfield code="c">MiU</subfield><subfield code="e">amremm</subfield></datafield><datafield tag="043" ind1=" " ind2=" "><subfield code="a">n-us-mi</subfield></datafield><datafield tag="100" ind1="1" ind2=" "><subfield code="6">880-01</subfield><subfield code="a">Qūjawī, Dāwūd ibn Kamāl,</subfield><subfield code="d">-1541 or 1542.</subfield></datafield><datafield tag="245" ind1="1" ind2="0"><subfield code="6">880-03</subfield><subfield code="a">[Ḥāshiyat Qarah Dāwūd ʻalá Ḥāshiyat al-Sayyid al-Sharīf ʻalá Sharḥ al-Shamsīyah,</subfield><subfield code="f">1212, i.e. 1798].</subfield></datafield><datafield tag="246" ind1="3" ind2=" "><subfield code="i">Title from inscription on 'title page' (p.3):</subfield><subfield code="a">قره داود على سيد شرح شمسية في علم المنطق</subfield></datafield><datafield tag="260" ind1=" " ind2=" "><subfield code="a">[Erzurum,</subfield><subfield code="c">1798]</subfield></datafield><datafield tag="300" ind1=" " ind2=" "><subfield code="a">220 leaves :</subfield><subfield code="b">paper ;</subfield><subfield code="c">213 x 151 (139 x 59) mm. bound to 213 x 160-170 mm.</subfield></datafield><datafield tag="500" ind1=" " ind2=" "><subfield code="a">Shelfmark: Ann Arbor, University of Michigan, Special Collections Library, Isl. Ms. 112</subfield></datafield><datafield tag="500" ind1=" " ind2=" "><subfield code="a">Origin: As appears in colophon on p.437, copied by Aḥmad ibn Ḥasan in Erzurum. Transcription finished in Dhū al-Ḥijjah 1212 [May-June 1798].</subfield></datafield><datafield tag="500" ind1=" " ind2=" "><subfield code="a">Former shelfmark: British Museum, London "No. 72. Commentary of Kara Daud on Shamsiyah."</subfield></datafield><datafield tag="500" ind1=" " ind2=" "><subfield code="a">Binding: Pasteboards faced in laid marbled paper (originally in salmon, dark blue, yellow, blue-green, see envelope flap) with spine, fore-edge flap, and edges/turn-ins in red-brown leather (marbled paper faced, leather edged, framed binding) ; Type II binding (with flap) ; board linings in laid paper ; sewn in green-blue thread, two stations ; worked endbands in green and yellow, fair condition ; overall in poor condition with significant abrasion, staining, some lifting and losses of leather, delamination of boards (especially at corners), significant spine slant (cocked, especially at head), etc.</subfield></datafield><datafield tag="500" ind1=" " ind2=" "><subfield code="a">Support: European laid paper in several types ; one type with 12-13 laid lines per cm. (vertical) and chain lines spaced roughly 25 mm. apart (horizontal), lightly burnished ; another type with 11 laid lines per cm. (horizontal), chain lines spaced 24 mm. apart, watermark of lion passant with crown on head, fairly well-burnished ; another type with 13-14 laid lines per cm. (horizontal), chain lines spaced 18 mm. apart, watermark with shield/scrollwork of some type, thick and well-burnished ; some staining and leather burn.</subfield></datafield><datafield tag="500" ind1=" " ind2=" "><subfield code="a">Decoration: Keywords (mainly قوله) and abbreviations rubricated ; overlining in red.</subfield></datafield><datafield tag="500" ind1=" " ind2=" "><subfield code="a">Script: Naskh ; clear, bold Turkish hand ; mainly serifless but occasional right-sloping serif appears on joined alif ; slight effect of tilt to the left and of words descending to baseline ; some superscripting of letters and words at the end of a line ; freely ligatured ; bowl of final nūn extends to form a complete circle enclosing its dot ; kāf mashkūlah (mashqūqah) preferred though occasionally kāf is written as vertical stroke with miniature kāf seated above (effect of the whole being resemblance to hamzah seated on alif) ; final yāʼ mainly mardūdah ; rightward descenders are quite rounded ; final nūn is often reversed (or re-curved).</subfield></datafield><datafield tag="500" ind1=" " ind2=" "><subfield code="a">Layout: Written in 13 lines per page ; frame-ruled (impression of ruling board evident).</subfield></datafield><datafield tag="500" ind1=" " ind2=" "><subfield code="a">Collation: i, 2 V(20), VI (32), 18 V(212), IV (220) ; chiefly quinions ; final two leaves left blank ; catchwords present ; foliation in black ink, Hindu-Arabic numerals, ends with ٤٢ on p.89 ; pagination in pencil, Western numerals, supplied during digitization (includes front flyleaf).</subfield></datafield><datafield tag="500" ind1=" " ind2=" "><subfield code="a">Colophon: "Scribal," triangular, reads: "الحمد لله على التمام وعلى رسوله افضل الصلوة والسلام وعلى اله واصحابه الى يوم القيام بوجوه التوفير والاحترام على يد افقر الطلاب واحوجهم الى رحمة الله الملك الوهاب احمد بن حسن غفر الله له ولوالديه واحسن اليهما واليه في شهر ذي الحجة في سنة اثنى عشر ومائتين والف من هجرة من اختص بالمحبوبين [؟] لله تعالى بالفرد الشرف [؟] في بلدة ارزة الروم في دائرة احمدية في ايام التحصيل"</subfield></datafield><datafield tag="500" ind1=" " ind2=" "><subfield code="a">Explicit: "ويمكن ان يقال اشار رحمة الى الجواب والايراد بقوله فالاولى [ان يقال]"</subfield></datafield><datafield tag="500" ind1=" " ind2=" "><subfield code="a">Incipit: "قوله ورتبته على مقدمة وثلث مقالات وخاتمة اعلم ان المصنف [؟] قال فاشار الي من سعد بلطف الحق الى اخر اوصافه ..."</subfield></datafield><datafield tag="500" ind1=" " ind2=" "><subfield code="a">Title supplied by cataloguer.</subfield></datafield><datafield tag="500" ind1=" " ind2=" "><subfield code="a">Ms. codex.</subfield></datafield><datafield tag="510" ind1="4" ind2=" "><subfield code="a">Brockelmann, C. GAL,</subfield><subfield code="c">I, 466</subfield></datafield><datafield tag="520" ind1="8" ind2=" "><subfield code="a">Fine copy of Qarah Dāwūd's supergloss on al-Jurjānī's gloss upon Quṭb al-Dīn al-Rāzī's (al-Quṭb al-Taḥtānī's) commentary on Najm al-Dīn ʻAlī ibn ʻUmar al-Kātibī al-Qazwīnī's renowned treatise on logic.</subfield></datafield><datafield tag="538" ind1=" " ind2=" "><subfield code="a">Mode of access: Internet.</subfield></datafield><datafield tag="541" ind1=" " ind2=" "><subfield code="c">Purchase ;</subfield><subfield code="a">Acquired by purchase along with Abdul Hamid Collection (funds donated by Horace Rackham).</subfield><subfield code="d">1924.</subfield></datafield><datafield tag="546" ind1=" " ind2=" "><subfield code="a">Arabic.</subfield></datafield><datafield tag="561" ind1=" " ind2=" "><subfield code="a">Bookplate of British Museum, London on interior of upper cover, "British Museum, London. No. 72. Commentary of Kara Daud on Shamsiyah." ; circular seal impression with figure of goat/gazelle in purple ink as well as inscription "341" in Western numerals on front flyleaf (p.1) ; on blue-tinted paper pasted on ’title page’ (p.3), a detailed waqf statement in the name of al-Sayyid ʻAbd Allāh Adīb (Abdullah Edip), known as Jannatʹzādah (Cennet-zade), qāḍī of Erzurum, accompanied by his seal, reads: "وقفت وقفا صحيحا شرعيا على ان لا يخرج من بيت الكتب الملتصق بداري الا لعلماء سكنوا بارضروم بكفيل مرعى اورهن قوي وانا الفقير اليه عز شانه السيد عبد الله اديب الشهير بجنت زاده القاضي بمدينة ارضروم في سنة اثنى وستين ومائتين والف" and a brief waqf statement appears occasionally in margins of the text "وقف جنت زاده" ; extensive glosses ; occasional marginal corrections ; a few notabilia (side-heads) ; reading/study note on p.195 dated 17 Rajab [or Rabīʻ II?] 1220 [ca. 11 October (or 15 July) 1806] reads "افدنا الى هنا مرة ثانية في ١٧ ر سنة ١٢٢٠".</subfield></datafield><datafield tag="600" ind1="1" ind2="0"><subfield code="a">Qazwīnī, ʻAlī ibn ʻUmar,</subfield><subfield code="d">1203 or 1204-1276 or 1277.</subfield><subfield code="t">Shamsīyah.</subfield></datafield><datafield tag="600" ind1="1" ind2="0"><subfield code="a">Quṭb al-Taḥtānī, Muḥammad ibn Muḥammad,</subfield><subfield code="d">1294 or 1295-1364 or 1365.</subfield><subfield code="t">Sharḥ Shamsīyah.</subfield></datafield><datafield tag="600" ind1="1" ind2="0"><subfield code="a">Jurjānī, ʻAlī ibn Muḥammad,</subfield><subfield code="c">al-Sayyid al-Sharīf,</subfield><subfield code="d">1340-1413.</subfield><subfield code="t">Ḥāshiyah ʻalá Sharḥ al-Shamsīyah.</subfield></datafield><datafield tag="650" ind1=" " ind2="0"><subfield code="a">Manuscripts, Arabic</subfield><subfield code="z">Michigan</subfield><subfield code="z">Ann Arbor.</subfield></datafield><datafield tag="650" ind1=" " ind2="0"><subfield code="a">Logic</subfield><subfield code="v">Early works to 1800.</subfield></datafield><datafield tag="700" ind1="0" ind2=" "><subfield code="6">880-05</subfield><subfield code="a">Aḥmad ibn Ḥasan,</subfield><subfield code="d">fl.1798,</subfield><subfield code="e">scribe.</subfield></datafield><datafield tag="773" ind1="0" ind2=" "><subfield code="a">Tiflis Collection.</subfield></datafield><datafield tag="880" ind1="0" ind2=" "><subfield code="6">700-05/</subfield><subfield code="a">احمد بن حسن،</subfield><subfield code="e">ناسخ.</subfield></datafield><datafield tag="880" ind1="1" ind2="0"><subfield code="6">245-03/</subfield><subfield code="a">[حاشية قره داود على حاشية السيد الشريف على شرح الشمسية,</subfield><subfield code="f">1212ه, 1798م].</subfield></datafield><datafield tag="880" ind1="1" ind2=" "><subfield code="6">100-01/</subfield><subfield code="a">قوجوى، داود بن كمال.</subfield></datafield><datafield tag="CID" ind1=" " ind2=" "><subfield code="a">006492427</subfield></datafield><datafield tag="DAT" ind1="0" ind2=" "><subfield code="a">20190719102634.0</subfield><subfield code="b">20190719000000.0</subfield></datafield><datafield tag="DAT" ind1="1" ind2=" "><subfield code="a">20190719090653.0</subfield><subfield code="b">2019-07-19T16:11:01Z</subfield></datafield><datafield tag="DAT" ind1="2" ind2=" "><subfield code="a">2015-10-10T18:00:06Z</subfield></datafield><datafield tag="CAT" ind1=" " ind2=" "><subfield code="a">SDR-MIU</subfield><subfield code="d">EX LIBRIS - ALEPH</subfield><subfield code="l">prepare.pl-004-008</subfield></datafield><datafield tag="FMT" ind1=" " ind2=" "><subfield code="a">BK</subfield></datafield><datafield tag="HOL" ind1=" " ind2=" "><subfield code="0">sdr-miu006492427</subfield><subfield code="a">MiU</subfield><subfield code="b">SDR</subfield><subfield code="c">MIU</subfield><subfield code="p">mdp.39015079125459</subfield><subfield code="s">MIU</subfield><subfield code="1">006492427</subfield></datafield><datafield tag="974" ind1=" " ind2=" "><subfield code="b">MIU</subfield><subfield code="c">MIU</subfield><subfield code="d">20190719</subfield><subfield code="s">lit-dlps-dc</subfield><subfield code="u">mdp.39015079125459</subfield><subfield code="y">1798</subfield><subfield code="r">pd</subfield><subfield code="q">bib</subfield><subfield code="t">non-US bib date1 &lt; 1879</subfield></datafield></record></collection>